<?xml version="1.0" encoding="UTF-8"?><record xmlns="http://www.loc.gov/MARC21/slim" xmlns:cinclude="http://apache.org/cocoon/include/1.0" xmlns:zs="http://www.loc.gov/zing/srw/">
  <leader>00347nz  a2200133n  4500</leader>
  <controlfield tag="001">n  96055136 </controlfield>
  <controlfield tag="003">DLC</controlfield>
  <controlfield tag="005">19960605093643.8</controlfield>
  <controlfield tag="008">960605n| acannaab|          |a aaa |||  </controlfield>
  <datafield tag="010" ind1=" " ind2=" ">
    <subfield code="a">n  96055136 </subfield>
  </datafield>
  <datafield tag="040" ind1=" " ind2=" ">
    <subfield code="a">DLC</subfield>
    <subfield code="c">DLC</subfield>
  </datafield>
  <datafield tag="100" ind1="1" ind2="0">
    <subfield code="a">Harmsel, Stella ter</subfield>
  </datafield>
  <datafield tag="400" ind1="1" ind2="0">
    <subfield code="a">Ter Harmsel, Stella</subfield>
  </datafield>
  <datafield tag="670" ind1=" " ind2=" ">
    <subfield code="a">Vrouwen over grenzen, c1995:</subfield>
    <subfield code="b">t.p. (Stella ter Harmsel)</subfield>
  </datafield>
</record>